<?xml version="1.0" encoding="UTF-8"?><collection xmlns="http://www.loc.gov/MARC21/slim"><record><leader>00514nam--2200181-i-4500</leader><controlfield tag="001">000040101</controlfield><controlfield tag="002">20161230</controlfield><controlfield tag="005">20161230201042</controlfield><controlfield tag="008">060222s1000------------r-----000-0-eng-d</controlfield><datafield ind1=" " ind2=" " tag="040"><subfield code="a">IFIN-HH</subfield></datafield><datafield ind1=" " ind2=" " tag="080"><subfield code="a">413.232=9=3</subfield></datafield><datafield ind1="1" ind2=" " tag="100"><subfield code="a">Saineanu, Const</subfield></datafield><datafield ind1="1" ind2="0" tag="245"><subfield code="a">Dictionar roman-german</subfield><subfield code="b">Cu noua ortografie romana si germana</subfield><subfield code="c">Const. saineanu, m.w. schroff</subfield></datafield><datafield ind1=" " ind2=" " tag="260"><subfield code="a">Craiova</subfield><subfield code="b">Editura Scrisul Romanesc</subfield><subfield code="c">/F.An</subfield></datafield><datafield ind1=" " ind2=" " tag="300"><subfield code="a">509 P</subfield></datafield><datafield ind1="1" ind2=" " tag="700"><subfield code="a">Schroff, M.W</subfield></datafield><datafield ind1=" " ind2=" " tag="852"><subfield code="a">D.135</subfield><subfield code="c">SLG</subfield></datafield><datafield ind1=" " ind2=" " tag="CAT"><subfield code="a">Sys</subfield><subfield code="c">20130207</subfield><subfield code="h">144255</subfield></datafield></record></collection>